@online{40-cloud-ipsec,
	author = "40Cloud",
	title = "Setting up IPSec/OpenSwan in Amazon EC2",
	url = "http://40cloud.com/setting-up-ipsecopenswan-in-amazon-ec2",
	urldate = "2018-9-30",
}

@online{arch-openswan-client,
	author = "Arch Linux Wiki",
	title = "Openswan L2TP/IPsec VPN client setup",
	url = "https://wiki.archlinux.org/index.php/Openswan_L2TP/IPsec_VPN_client_setup",
	urldate = "2018-9-30",
}

@online{arch-strongswan,
	author = "Arch Linux Wiki",
	title = "strongSwan",
	url = "https://wiki.archlinux.org/index.php/StrongSwan",
	urldate = "2018-9-30",
}

@online{ipsec-gui,
	author = "Best VPN Z",
	title = "How to set up L2TP/IPsec VPN on Linux (using NetworkManager \& strongSwan)",
	year = "0",
	url = "https://www.bestvpnz.com/how-to-set-up-l2tp-ipsec-vpn-on-linux-networkmanager-strongswan/",
	urldate = "2018-9-30",
}

@inproceedings{BL16:Sweet32,
	author={Karthikeyan Bhargavan and Ga\"{e}tan Leurent},
	title = {{On the Practical (In-)Security of 64-bit Block Ciphers}},
	booktitle="ACM Conference on Computer and Communications Security (CCS'16)",
	year=2016, 
	url="https://sweet32.info/SWEET32_CCS16.pdf"
}

@inproceedings{openvpn-fuzz-1,
	author={L. Daniel and E. Poll and J. de Ruiter},
	booktitle={2018 IEEE European Symposium on Security and Privacy Workshops (EuroS PW)},
	title={{Inferring OpenVPN State Machines Using Protocol State Fuzzing}},
	year={2018},
	volume={},
	number={},
	pages={11-19},
	doi={10.1109/EuroSPW.2018.00009},
	ISSN={},
	month={April},
}

@online{ssh-vpn-debian,
	author = "{Debian Administrator}",
	title = {{"Setting up a Layer 3 tunneling VPN with using OpenSSH}},
	year = "2017",
	url = "https://debian-administration.org/article/539/Setting_up_a_Layer_3_tunneling_VPN_with_using_OpenSSH",
	howpublished = "\url{https://debian-administration.org/article/539/Setting_up_a_Layer_3_tunneling_VPN_with_using_OpenSSH}"
}

@online{ssh-vpn-ubuntu,
	author = "{Ubuntu Help}",
	title = {{SSH\_VPN}},
	year = "2014",
	url = "https://help.ubuntu.com/community/SSH_VPN",
	howpublished = "\url{https://help.ubuntu.com/community/SSH_VPN}"
}

@online{digitalocean-strongswan,
	author = "Digital Ocean",
	title = "How to Set Up an IKEv2 VPN Server with StrongSwan on Ubuntu 16.04",
	year = "0",
	url = "https://www.digitalocean.com/community/tutorials/how-to-set-up-an-ikev2-vpn-server-with-strongswan-on-ubuntu-16-04",
	urldate = "2018-9-30",
}

@online{wireguard-paper,
	author = "J. Donenfeld",
	title = "WireGuard: Next Generation Kernel Tunneling Protocol",
	year = "0",
	url = "https://www.wireguard.com/papers/wireguard.pdf",
	urldate = "2018-9-30",
}

@online{gentoo-ipsec,
	author = "Gentoo Linux",
	title = "IPsec L2TP VPN server",
	year = "0",
	url = "https://wiki.gentoo.org/wiki/IPsec_L2TP_VPN_server",
	urldate = "2018-9-30",
}

@techreport{RFC6347,
	author = {E. Rescorla and N. Modadugu},
	title = {{Datagram Transport Layer Security Version 1.2}},
	howpublished = {Internet Requests for Comments},
	type = {RFC},
	number = {6347},
	year = {2012},
	month = {January},
	issn = {2070-1721},
	publisher = {RFC Editor},
	institution = {RFC Editor},
	url = {http://www.rfc-editor.org/rfc/rfc6347.txt},
	note = {\url{http://www.rfc-editor.org/rfc/rfc6347.txt}},
}

@techreport{RFC3378,
	author = {R. Housley and S. Hollenbeck},
	title = {{EtherIP: Tunneling Ethernet Frames in IP Datagrams}},
	howpublished = {Internet Requests for Comments},
	type = {RFC},
	number = {3378},
	year = {2002},
	month = {September},
	issn = {2070-1721},
	publisher = {RFC Editor},
	institution = {RFC Editor},
}

@techreport{I-D.mavrogiannopoulos-openconnect,
	author = {Nikos Mavrogiannopoulos},
	title = {{The OpenConnect VPN Protocol Version 1.0}},
	howpublished = {Working Draft},
	type = {Internet-Draft},
	number = {draft-mavrogiannopoulos-openconnect-00},
	year = {2016},
	month = {September},
	institution = {IETF Secretariat},
	url = {http://www.ietf.org/internet-drafts/draft-mavrogiannopoulos-openconnect-00.txt},
	note = {\url{http://www.ietf.org/internet-drafts/draft-mavrogiannopoulos-openconnect-00.txt}},
}

@techreport{RFC1918,
	author = {Yakov Rekhter and Robert G. Moskowitz and Daniel Karrenberg and Geert Jan de Groot and Eliot Lear},
	title = {{Address Allocation for Private Internets}},
	howpublished = {Internet Requests for Comments},
	type = {BCP},
	number = {5},
	year = {1996},
	month = {February},
	issn = {2070-1721},
	publisher = {RFC Editor},
	institution = {RFC Editor},
	url = {http://www.rfc-editor.org/rfc/rfc1918.txt},
	note = {\url{http://www.rfc-editor.org/rfc/rfc1918.txt}},
}

@online{openconnect-home,
	author = "Infradead",
	title = "OpenConnect",
	year = "0",
	url = "http://www.infradead.org/openconnect/index.html",
	urldate = "2018-9-30",
}

@online{openconnect-feat,
	author = "Infradead",
	title = "Features",
	year = "0",
	url = "http://www.infradead.org/openconnect/features.html",
	urldate = "2018-9-30",
}

online{microsoft-sstp,
	author = "Microsoft Technet",
	title = "How SSTP based VPN connection works",
	year = 2007,
	url = "https://blogs.technet.microsoft.com/rrasblog/2007/01/10/how-sstp-based-vpn-connection-works/",
}

@online{sstp,
	author = "Microsoft",
	title = {{[MS-SSTP]: Secure Socket Tunneling Protocol (SSTP)}},
	year = "2017",
	url = "https://winprotocoldoc.blob.core.windows.net/productionwindowsarchives/MS-SSTP/[MS-SSTP].pdf",
	howpublished = "\url{https://winprotocoldoc.blob.core.windows.net/productionwindowsarchives/MS-SSTP/[MS-SSTP].pdf}"
}

@online{softether-design,
	author = "D. Nobori",
	title = "Design and Implementation of SoftEther VPN",
	year = "0",
	url = "https://www.softether.org/4-docs/9-research/Design_and_Implementation_of_SoftEther_VPN",
	urldate = "2018-9-30",
}

online{openvpn-fuzz-2,
	author = "T. Novickis",
	title = "Protocol state fuzzing of an OpenVPN",
	year = "0",
	url = ,
	urldate = "2018-9-30",
}
novickis2016protocol

@masterthesis{openvpn-fuzz-2,
	title={{Protocol state fuzzing of an OpenVPN}},
	author={Novickis, Tomas and Poll, Erik and Altan, Kadir},
	year={2016},
	institution = {{Radboud Universiteit Nijmegen}},
	url = "https://www.ru.nl/publish/pages/769526/tomas_novickis.pd"
}

@online{opnconnect-server,
	author = "OCSERV",
	title = "OpenConnect VPN Server",
	year = "0",
	url = "https://ocserv.gitlab.io/www/index.html",
	urldate = "2018-9-30",
}

online{openvpn-aws-2,
	author = "OpenVPN",
	title = "Amazon Web Services EC2 Tiered Appliance Quick Start",
	year = "0",
	url = "https://docs.openvpn.net/getting-started/amazon-web-services-ec2-tiered-appliance-quick-start-guide/",
	urldate = "2018-9-30",
}

@online{openvpn-security-faq,
	author = "OpenVPN",
	title = {{Are there any known security vulnerabilities with OpenVPN?}},
	url = "https://openvpn.net/index.php/open-source/faq/75-general/295-are-there-any-known-security-vulnerabilities-with-openvpn.html",
	urldate = "2018-9-30",
}

online{openvpn-linux-client,
	author = "OpenVPN",
	title = "Documentation",
	year = "0",
	url = "https://openvpn.net/index.php/access-server/docs/admin-guides-sp-859543150/howto-connect-client-configuration/182-how-to-connect-to-access-server-with-linux-clients.html",
	urldate = "2018-9-30",
}

online{openvpn-eth-bridge,
	author = "OpenVPN",
	title = "Ethernet Bridging",
	year = "0",
	url = "https://openvpn.net/index.php/open-source/documentation/miscellaneous/76-ethernet-bridging.html",
	urldate = "2018-9-30",
}

@online{openvpn-comparison,
	author = "OpenVPN",
	title = {{FAQ General}},
	url = "https://openvpn.net/index.php/access-server/section-faq-openvpn-as/general/225-compare-openvpn-community-and-enterprise-editions.html",
	howpublished = "\url{https://openvpn.net/index.php/access-server/section-faq-openvpn-as/general/225-compare-openvpn-community-and-enterprise-editions.html}"
}

online{openvpn-forwarding,
	author = "OpenVPN",
	title = "",
	year = "0",
	url = "https://community.openvpn.net/openvpn/wiki/265-how-do-i-enable-ip-forwarding",
	urldate = "2018-9-30",
}

online{openvpn-client,
	author = "OpenVPN",
	title = "HOWTO Desktop Client Configuration",
	year = "0",
	url = "https://openvpn.net/index.php/access-server/docs/admin-guides-sp-859543150/howto-desktop-client-configuration/457-connect-to-openvpn-access-server-using-the-connect-client.html",
	urldate = "2018-9-30",
}

@online{openvpn-intro,
	author = "OpenVPN",
	title = {{HOWTO--Introduction}},
	url = "https://openvpn.net/index.php/open-source/documentation/howto.html",
	howpublished  = "\url{https://openvpn.net/index.php/open-source/documentation/howto.html}"
}

online{openvpn-azure2,
	author = "OpenVPN",
	title = "Microsoft Azure BYOL Appliance Quick Start",
	year = "0",
	url = "https://docs.openvpn.net/getting-started/microsoft-azure-byol-appliance-quick-start/",
	urldate = "2018-9-30",
}

online{openvpn-aws1,
	author = "OpenVPN",
	title = "On Amazon Cloud",
	year = "0",
	url = "https://openvpn.net/index.php/access-server/on-amazon-cloud.html",
	urldate = "2018-9-30",
}

online{openvpn-azure1,
	author = "OpenVPN",
	title = "On Microsoft Azure",
	year = "0",
	url = "https://openvpn.net/index.php/access-server/on-microsoft-azure.html",
	urldate = "2018-9-30",
}

online{openvpn-pricing,
	author = "OpenVPN",
	title = "Pricing",
	year = "0",
	url = "https://openvpn.net/index.php/access-server/pricing.html",
	urldate = "2018-9-30",
}

online{openvpn-from-nat-to-routing,
	author = "OpenVPN",
	title = "Reach OpenVPN clients directly from a private network",
	year = "0",
	url = "https://docs.openvpn.net/connecting/reach-openvpn-clients-directly-from-a-private-network/",
	urldate = "2018-9-30",
}

@online{openvpn-security,
	author = "OpenVPN",
	title = {{Security Overview}},
	url = "https://openvpn.net/index.php/open-source/documentation/security-overview.html",
	howpublished = "\url{https://openvpn.net/index.php/open-source/documentation/security-overview.html}"
}

@online{openvpn-lan-to-lan,
	author = "OpenVPN",
	title = "Site-to-site routing explained in detail",
	url = "https://docs.openvpn.net/connecting/site-to-site-routing-explained-in-detail/",
	howpublished = "\url{https://docs.openvpn.net/connecting/site-to-site-routing-explained-in-detail}"
}

@online{prol2tp,
	author = "Pro L2TP",
	title = "Introduction to L2TPv3",
	year = "0",
	url = "http://www.prol2tp.com/l2tpv3.html",
	urldate = "2018-9-30",
}

@online{softether,
	author = {SoftEther},
	title = {{SoftEther VPN Project}},
	\url= "https://www.softether.org/",
	howpublished = "\url{https://www.softether.org/}"
}

@online{softether-l2-lan-to-lan,
	author = {SoftEther},
	title = {{Build a LAN-to-LAN VPN (Using L2 Bridge)}},
	url = "https://www.softether.org/4-docs/1-manual/A._Examples_of_Building_VPN_Networks/10.5_Build_a_LAN-to-LAN_VPN_(Using_L2_Bridge)",
	howpublished = "\url{https://www.softether.org/4-docs/1-manual/A._Examples_of_Building_VPN_Networks/10.5_Build_a_LAN-to-LAN_VPN_(Using_L2_Bridge)}"
}

@online{softether-l3-lan-to-lan,
	author = {SoftEther},
	title = {{Build a LAN-to-LAN VPN (Using L3 IP Routing)}},
	url = "https://www.softether.org/4-docs/1-manual/A._Examples_of_Building_VPN_Networks/10.6_Build_a_LAN-to-LAN_VPN_(Using_L3_IP_Routing)",
	howpublished = "\url{https://www.softether.org/4-docs/1-manual/A._Examples_of_Building_VPN_Networks/10.6_Build_a_LAN-to-LAN_VPN_(Using_L3_IP_Routing)}"
}

@online{softether-dynamic-dns-nat-trav,
	author = {SoftEther},
	title = {{Dynamic DNS and NAT Traversal}},
	url = "https://www.softether.org/4-docs/2-howto/6.VPN_Server_Behind_NAT_or_Firewall/1.Dynamic_DNS_and_NAT_Traversal",
	howpublished = "\url{https://www.softether.org/4-docs/2-howto/6.VPN_Server_Behind_NAT_or_Firewall/1.Dynamic_DNS_and_NAT_Travers}"
}

@online{softether-exploit-securenat,
	author = {SoftEther},
	title = {{Exploit SecureNAT for Remote Access into Firewall without Any Permission}},
	url = "https://www.softether.org/4-docs/1-manual/A._Examples_of_Building_VPN_Networks/10.B_Exploit_SecureNAT_for_Remote_Access_into_Firewall_without_Any_Permission",
	howpublished = "\url{https://www.softether.org/4-docs/1-manual/A._Examples_of_Building_VPN_Networks/10.B_Exploit_SecureNAT_for_Remote_Access_into_Firewall_without_Any_Permission}"
}

@online{softether-proto,
	author = {SoftEther},
	title = {{Ultimate Powerful VPN Connectivity}},
	url = "https://www.softether.org/1-features/1._Ultimate_Powerful_VPN_Connectivity",
	howpublished = "\url{https://www.softether.org/1-features/1._Ultimate_Powerful_VPN_Connectivity}"
}

@online{softether-vl3-switches,
	author = {SoftEther},
	title = "Virtual Layer 3 Switches",
	url = "https://www.softether.org/4-docs/1-manual/3._SoftEther_VPN_Server_Manual/3.8_Virtual_Layer_3_Switches",
	howpublished = "\url{https://www.softether.org/4-docs/1-manual/3._SoftEther_VPN_Server_Manual/3.8_Virtual_Layer_3_Switches}"
}

@online{softether-virtnat,
	author = {SoftEther},
	title = "Virtual NAT \& Virtual DHCP Servers",
	url = "https://www.softether.org/index.php?title=4-docs/1-manual/3._SoftEther_VPN_Server_Manual/3.7_Virtual_NAT_%26_Virtual_DHCP_Servers",
	howpublished = "\url{https://www.softether.org/index.php?title=4-docs/1-manual/3._SoftEther_VPN_Server_Manual/3.7_Virtual_NAT_%26_Virtual_DHCP_Servers}"
	}
						
	@online{softether-vpn-over-icmp,
		author = {SoftEther},
		title = {{VPN over ICMP, and VPN over DNS (Awesome!)}},
		url = "https://www.softether.org/1-features/1._Ultimate_Powerful_VPN_Connectivity#1.6._VPN_over_ICMP.2C_and_VPN_over_DNS_(Awesome!)",
		howpublished = "\url{https://www.softether.org/1-features/1._Ultimate_Powerful_VPN_Connectivity#1.6._VPN_over_ICMP.2C_and_VPN_over_DNS_(Awesome!)}"
	}

	author = "Snowden Survellaince Archive",					
	@online{ipsec-nsa,
		author = "Edward Snowden",
		title = {{Intro to the VPN Exploitation Process}},
		url = "https://snowdenarchive.cjfe.org/greenstone/collect/snowden1/index/assoc/HASHf820.dir/doc.pdf",
		urldate = "2018-9-30",
		howpublished = "\url{https://snowdenarchive.cjfe.org/greenstone/collect/snowden1/index/assoc/HASHf820.dir/doc.pdf}"
	}
						
	@online{sshuttle,
		author = "Sshuttle",
		title = "sshuttle: where transaparent proxy meets VPN meets ssh",
		year = "0",
		url = "https://github.com/sshuttle/sshuttle",
		urldate = "2018-9-30",
	}
						
	@online{strongswan-ike2,
		author = "Steffen Andres",
		title = "strongSwan and Openswan",
		year = "0",
		url = "https://list.strongswan.org/pipermail/users/2010-September/000745.html",
		urldate = "2018-9-30",
	}
						
	@online{ipsec,
		author = "Steve Friedl's Unixwiz.net Tech Tips",
		title = "An Illustrated Guide to IPsec",
		year = "0",
		url = "http://unixwiz.net/techtips/iguide-ipsec.html",
		urldate = "2018-9-30",
	}
						
	@online{strongswan-intro,
		author = "strongSwan",
		title = "Introduction to strongSwan",
		year = "0",
		url = "htttps://wiki.strongswan.org/proects/strongswan/wiki/IntroductiontostrongSwan",
		urldate = "2018-9-30",
	}
						
	@online{strongswan-intro-split-forward,
		author = "strongSwan",
		title = "Introduction to strongSwan: Forwarding and Split-Tunneling",
		year = "0",
		url = "https://wiki.strongswan.org/projects/strongswan/wiki/ForwardingAndSplitTunneling",
		urldate = "2018-9-30",
	}
						
	@online{strongswan-ikev2-ras,
		author = "strongSwan",
		title = "Introduction to strongSwan: IKEV2 Remote Access Client Configuration",
		year = "0",
		url = "https://wiki.strongswan.org/projects/strongswan/wiki/IKEv2ClientConfig",
		urldate = "2018-9-30",
	}
						
	@online{strongswan-natt,
		author = "strongSwan",
		title = "NAT Traversal (NAT-T)",
		year = "0",
		url = "https://wiki.strongswan.org/projects/strongswan/wiki/NatTraversal",
		urldate = "2018-9-30",
	}
						
	@online{strongswan-rbv,
		author = "strongSwan",
		title = "Route-based VPN",
		year = "0",
		url = "https://wiki.strongswan.org/projects/strongswan/wiki/RouteBasedVPN",
		urldate = "2018-9-30",
	}
						
	@online{strongswan-virt-ip,
		author = "strongSwan",
		title = "Virtual IP",
		year = "0",
		url = "https://wiki.strongswan/wiki/VirtualIP",
		urldate = "2018-9-30",
	}
						
	@online{the-best-vpn,
		author = "The Best VPN",
		title = "VPN Protocols--PPTP vs L2TP vs SSTP vs IKEV2 vs OPENVPN",
		year = "0",
		url = "https://thebestvpn.com/pptp-openvpn-sstp-ikev2-protocols/",
		urldate = "2018-9-30",
	}
						
	@online{openvpn-fuzz-3,
		author = "G. Vranken",
		title = "The OpenVPN post-audit bug bonanza",
		year = "0",
		url = "https://guidovranken.com/2017/06/21/the-openvpn-post-audit-bug-bonanza/",
		urldate = "2018-9-30",
	}
						
	@online{wiki-ike,
		author = "Wikipedia",
		title = "Internet Key Exchange",
		year = "0",
		url = "https://en.wikipedia.org/wiki/Internet_Key_Exchange",
		urldate = "2018-9-30",
	}
						
	@online{wiki-l2tpv3,
		author = "Wikipedia",
		title = "L2TPv3",
		year = "0",
		url = "https://en.wikipedia.org/wiki/L2TPv3",
		urldate = "2018-9-30",
	}
						
	@inproceedings{DBLP:conf/ndss/Donenfield17,
		author    = {Jason A. Donenfeld},
		title     = {WireGuard: Next Generation Kernel Network Tunnel},
		booktitle = {24th Annual Network and Distributed System Security Symposium, {NDSS}
		2017, San Diego, California, USA, February 26 - March 1, 2017},
		year      = {2017},
		crossref  = {DBLP:conf/ndss/2017},
		url       = {https://www.ndss-symposium.org/ndss2017/ndss-2017-programme/wireguard-next-generation-kernel-network-tunnel/},
		timestamp = {Tue, 16 Jan 2018 15:44:17 +0100},
		biburl    = {https://dblp.org/rec/bib/conf/ndss/Donenfeld17},
		bibsource = {dblp computer science bibliography, https://dblp.org}
	}
						
	@proceedings{DBLP:conf/ndss/2017,
		title     = {24th Annual Network and Distributed System Security Symposium, {NDSS}
		2017, San Diego, California, USA, February 26 - March 1, 2017},
		publisher = {The Internet Society},
		year      = {2017},
		url       = {https://www.ndss-symposium.org/ndss2017/},
		timestamp = {Tue, 16 Jan 2018 15:43:37 +0100},
		biburl    = {https://dblp.org/rec/bib/conf/ndss/2017},
		bibsource = {dblp computer science bibliography, https://dblp.org}
	}
						
						
						
	online{wireguard-verification,
		author = "WireGuard",
		title = "Formal Verification",
		year = "0",
		url = "https://www.wireguard.com/formal-verification/",
		urldate = "2018-9-30",
	}
						
	online{wireguard-proto,
		author = "WireGuard",
		title = "Protocol",
		year = "0",
		url = "https://www.wireguard.com/protocol/",
		urldate = "2018-9-30",
	}
						
	@online{wireguard-quick-start,
		author = "WireGuard",
		title = "Quick Start",
		year = "2018",
		url = "https://www.wireguard.com/quickstart/",
	}
						
	online{wireguard-intro,
		author = "WireGuard and WireGuard--Fast and Modern",
		title = "Secure VPN Tunnel",
		year = "0",
		url = "https://www.wireguard.com/",
		urldate = "2018-9-30",
	}
						
	@online{openvpn,
		author = {OpenVPN},
		title = {{OpenVPN Community Software}},
		url = "https://openvpn.net/index.php/open-source.html",
		howpublished = "\url{https://openvpn.net/index.php/open-source.html}"
	}
						
	@online{zeitgest,
		author = "Zeitgest",
		title = "strongSwan 5: How to create your own private VPN",
		year = "0",
		url = "https://wwww.zeitgeist.se/2013/11/22/strongswan-howto-create-your-own-vpn",
		urldate = "2018-9-30",
	}
						
	﻿@misc{nftables-iptables-thesis,
		author = {Jonsson, Tomas},
		institution = {University of Skövde, School of Informatics},
		pages = {38},
		school = {University of Skövde, School of Informatics},
		title = {Latency and throughput comparison between iptables and nftables at different frame and rule-set sizes},
		year = {2018}
	}
						
	@inbook{
		2434_395477,
		author = {Anisetti, M. and Ardagna, C. A. and Gaudenzi, F. and Damiani, E.},
		title = {{A certification framework for cloud-based services}},
		year = {2016},
		publisher = {ACM},
		booktitle = {Proceedings of the 31st Annual ACM Symposium on Applied Computing},
		keywords = {Certification-aware cloud engineering; Security certification; Testing},
		doi = {10.1145/2851613.2851628},	
		pages = {440--447}
	}
	@inbook{
		2434_453696,
		author = {Anisetti, M. and Ardagna, C. A. and Damiani, E. and Gaudenzi, F.},
		title = {{A cost-effective certification-based service composition for the cloud}},
		year = {2016},
		publisher = {IEEE},
		booktitle = {Services Computing (SCC), 2016 IEEE International Conference on},
		keywords = {Certification; Cloud; Cost; Service composition},
		doi = {10.1109/SCC.2016.15},	
		pages = {58--65},
		organization ={IEEE Computer Society Technical Committee on Services Computing (TC-SVC)}
	}
	@inbook{
		2434_527769,
		author = {Anisetti, M. and Ardagna, C. A. and Damiani, E. and Gaudenzi, F. and Tufarolo, P.},
		title = {{A Security Benchmark for OpenStack}},
		year = {2017},
		publisher = {IEEE},
		booktitle = {Cloud Computing (CLOUD), 2017 IEEE 10th International Conference on},
		doi = {10.1109/CLOUD.2017.45},	
		pages = {294--301}
	}
	@article{
		mooncloud-semi-automatic-and-trustworthy,
		author = {Anisetti, M. and Ardagna, C. A. and Damiani, E. and Gaudenzi, F.},
		title = {{A semi-automatic and trustworthy scheme for continuous cloud service certification}},
		year = {2017},
		journal = {IEEE TRANSACTIONS ON SERVICES COMPUTING},
		keywords = {Assurance; Certification; Cloud; Testing},
		doi = {10.1109/TSC.2017.2657505},	
	}
	@article{
		mooncloud-modelling-time,
		author = {Anisetti, M. and Ardagna, C. A. and Damiani, E. and El Ioini, N. and Gaudenzi, F.},
		title = {{Modeling time, probability, and configuration constraints for continuous cloud service certification}},
		year = {2018},
		publisher = {Elsevier},
		journal = {COMPUTERS \& SECURITY},
		volume = {72},
		keywords = {Assurance; Certification; Cloud; Compliance; Security; Computer Science (all); Law},
		doi = {10.1016/j.cose.2017.09.012},	
		pages = {234--254}
	}
						
						
	@online{strongswan,
		author = {{strongSwan}},
		title = {{The OpenSource IPsec-based VPN Solution}},
		url = "https://strongswan.org/",
		howpublished = "\url{https://strongswan.org/}"
	}
						
	@online{strongswan-example,
		author = {{strongSwan}},
		title = {{Usable Examples configurations}},
		url = "https://wiki.strongswan.org/projects/strongswan/wiki/UsableExamples",
		howpublished = "\url{https://wiki.strongswan.org/projects/strongswan/wiki/UsableExamples}"
	}
						
	@online{cisco-vpn,
		author = {Cisco},
		title = {{Cisco AnyConnect Secure Mobility Client}},
		url = "https://www.cisco.com/c/en/us/products/security/anyconnect-secure-mobility-client/index.html#~stickynav=1",
		howpublished = "\url{https://www.cisco.com/c/en/us/products/security/anyconnect-secure-mobility-client/index.html#~stickynav=1}"
	}
						
	@online{openconnect-client,
		author = "OpenConnect",
		title = {{OpenConnect}},
		url = "http://www.infradead.org/openconnect/",
		howpublished = "\url{http://www.infradead.org/openconnect/}"
	}
						
	@online{openconnect-server,
		author = "OpenConnect",
		title = {{OpenConnect VPN Server}},
		url = "http://www.infradead.org/openconnect/",
		howpublished = "\url{http://www.infradead.org/openconnect/}"
	}
						
	@online{openconnect-server-conf,
		author = "OpenConnect",
		title = {{OpenConnect Server sample config}},
		url = "https://gitlab.com/openconnect/ocserv/blob/master/doc/sample.config",
		howpublished = "\url{https://gitlab.com/openconnect/ocserv/blob/master/doc/sample.config}"
	}
						
						
	@techreport{RFC8446,
		author = {E. Rescorla},
		title = {The Transport Layer Security (TLS) Protocol Version 1.3},
		howpublished = {Internet Requests for Comments},
		type = {RFC},
		number = {8446},
		year = {2018},
		month = {August},
		issn = {2070-1721},
		publisher = {RFC Editor},
		institution = {RFC Editor},
	}
						
	@techreport{RFC3549,
		author = {J. Salim and H. Khosravi and A. Kleen and A. Kuznetsov},
		title = {{Linux Netlink as an IP Services Protocol}},
		howpublished = {Internet Requests for Comments},
		type = {RFC},
		number = {3549},
		year = {2003},
		month = {July},
		issn = {2070-1721},
		publisher = {RFC Editor},
		institution = {RFC Editor},
	}
						
						
	@onlien{openvpn-bug,
		author = "G. Vranken",
		title = {{The OpenVPN post-audit bug bonanza}}, 
		url = "https://guidovranken.com/2017/06/21/the-openvpn-post-audit-bug-bonanza/",
		howpublished = "\url{https://guidovranken.com/2017/06/21/the-openvpn-post-audit-bug-bonanza/}",
		year = "2017"
	}
					
					
	@article{7030212,
		author={J. Thönes},
		journal={IEEE Software},
		title={Microservices},
		year={2015},
		volume={32},
		number={1},
		pages={116-116},
		keywords={Interviews;Software architecture;Service oriented architecture;Software engineering;architecture;enterprise service bus;http;microservice;service-oriented architecture;software engineering;SE Radio},
		doi={10.1109/MS.2015.11},
		ISSN={0740-7459},
		month={Jan},
	}
				
				
	@inproceedings{8229914,
		author={V. Singh and S. K. Peddoju},
		booktitle={2017 International Conference on Computing, Communication and Automation (ICCCA)},
		title={Container-based microservice architecture for cloud applications},
		year={2017},
		volume={},
		number={},
		pages={847-852},
		keywords={cloud computing;social networking (online);virtual machines;cloud environment;virtual machines;container-based microservice architecture;microservice-based application;VM;social networking application;docker containers;microservice design results;single code base;monolithic design;loosely coupled services;granular approach;cloud application development;microservice architecture;Containers;Servers;Cloud computing;Virtualization;Companies;Computer architecture;Social network services;Microservice Design;Monolithic Design;Cloud Computing;Virtualization;Containers;Application Scaling;Docker},
		doi={10.1109/CCAA.2017.8229914},
		ISSN={},
		month={May},}
			
			
	@techreport{Barker:2016:SRK:2206273,
		author = {Barker, Elaine B},
		title = {{SP 800-57. Recommendation for Key Management, Part 1: General}},
		year = {2016},
		publisher = {National Institute of Standards \& Technology},
		address = {Gaithersburg, MD, United States},
	} 
		
		
	@techreport{RFC7539,
		author = {Y. Nir and A. Langley},
		title = {{ChaCha20 and Poly1305 for IETF Protocols}},
		howpublished = {Internet Requests for Comments},
		type = {RFC},
		number = {7539},
		year = {2015},
		month = {May},
		issn = {2070-1721},
		publisher = {RFC Editor},
		institution = {RFC Editor},
		url = {http://www.rfc-editor.org/rfc/rfc7539.txt},
		note = {\url{http://www.rfc-editor.org/rfc/rfc7539.txt}},
	}
		
	@techreport{RFC7748,
		author = {A. Langley and M. Hamburg and S. Turner},
		title = {Elliptic Curves for Security},
		howpublished = {Internet Requests for Comments},
		type = {RFC},
		number = {7748},
		year = {2016},
		month = {January},
		issn = {2070-1721},
		publisher = {RFC Editor},
		institution = {RFC Editor},
	}

@online{netfilter-hooks,
	author = "nftables wiki",
	title = {{Netfilter hooks}},
	year = "2017",
	url = "https://wiki.nftables.org/wiki-nftables/index.php/Netfilter_hooks",
	howpublished = "\url{https://wiki.nftables.org/wiki-nftables/index.php/Netfilter_hooks}"
}

@online{digitalocean-iptables,
	author = "Justin Ellingwood",
	title = {{A Deep Dive into Iptables and Netfilter Architecture}},
	year = "2015",
	url = "https://www.digitalocean.com/community/tutorials/a-deep-dive-into-iptables-and-netfilter-architecture",
	howpublished  = "\url{https://www.digitalocean.com/community/tutorials/a-deep-dive-into-iptables-and-netfilter-architecture}"
}

@online{nftables-pro,
	author = "nftables wiki",
	title = {{Why nftables?}},
	howpublished  = "\url{https://wiki.nftables.org/wiki-nftables/index.php/Why_nftables%3F}",
	year = "2017"
}

@online{nftables-families,
	author = "nftables wiki",
	title = {{Nftables families}},
	howpublished = "\url{https://wiki.nftables.org/wiki-nftables/index.php/Nftables_families}",
	year = "2017"
}

@online{nftables-chains,
	author = "nftables wiki",
	title = "Configuring chains",
	howpublished = "\url{https://wiki.nftables.org/wiki-nftables/index.php/Configuring_chains}",
	year = "2017",
}

@online{nftables-scripting,
	author = "nftables wiki",
	title = {{Scripting}},
	howpublished = "\url{https://wiki.nftables.org/wiki-nftables/index.php/Scripting}",
	year = "2018",
}


@online{nftables-sets,
	author = "nftables wiki",
	title = {{Sets}},
	howpublished = "\url{https://wiki.nftables.org/wiki-nftables/index.php/Sets}",
	year = "2017",
}

@online{nftables-dictionaries,
	author = "nftables wiki",
	title = {{Dictionaries}},
	howpublished = "\url{https://wiki.nftables.org/wiki-nftables/index.php/Dictionaries}",
	year = "2016",
}

@online{nftables-maps,
	author = "nftables wiki",
	title = {{Maps}},
	howpublished = "\url{https://wiki.nftables.org/wiki-nftables/index.php/Maps}",
	year = "2016",
}

@online{nordvpn,
	author = "Nord VPN",
	title = {{Which protocol should I choose?}},
	howpublished = "\url{https://support.nordvpn.com/#/Getting-Started/1047408592/Which-protocol-should-I-choose.htm}",
}

@techreport{RFC3193,
  author = {B. Patel and B. Aboba and W. Dixon and G. Zorn and S. Booth},
  title = {Securing L2TP using IPsec},
  howpublished = {Internet Requests for Comments},
  type = {RFC},
  number = {3193},
  year = {2001},
  month = {November},
  issn = {2070-1721},
  publisher = {RFC Editor},
  institution = {RFC Editor},
}